<record><leader>00000cas a22000007a 4500</leader><controlfield tag="001">24927091</controlfield><controlfield tag="008">911210u1959uuuunmumr ne      0    0eng d</controlfield><datafield ind1=" " ind2=" " tag="010"><subfield code="a">sn 93061484 </subfield></datafield><datafield ind1=" " ind2=" " tag="040"><subfield code="a">IQU</subfield><subfield code="b">eng</subfield><subfield code="c">IQU</subfield><subfield code="d">NVM</subfield><subfield code="d">OCLCQ</subfield><subfield code="d">OCLCF</subfield><subfield code="d">OCLCO</subfield></datafield><datafield ind1="1" ind2=" " tag="029"><subfield code="a">AU@</subfield><subfield code="b">000025868474</subfield></datafield><datafield ind1=" " ind2=" " tag="042"><subfield code="a">msc</subfield></datafield><datafield ind1=" " ind2=" " tag="043"><subfield code="a">n-us-nm</subfield></datafield><datafield ind1=" " ind2=" " tag="090"><subfield code="a">AN2</subfield><subfield code="b">.L672</subfield></datafield><datafield ind1="0" ind2=" " tag="130"><subfield code="a">Pen&#771;asqueros (Pen&#771;asco, N.M.)</subfield></datafield><datafield ind1="1" ind2="4" tag="245"><subfield code="a">Los pen&#771;asqueros.</subfield></datafield><datafield ind1=" " ind2=" " tag="260"><subfield code="a">Pen&#771;asco, N.M. :</subfield><subfield code="b">Sahd's General Store</subfield></datafield><datafield ind1=" " ind2=" " tag="300"><subfield code="a">v.</subfield></datafield><datafield ind1=" " ind2=" " tag="310"><subfield code="a">Monthly</subfield></datafield><datafield ind1="0" ind2=" " tag="362"><subfield code="a">Vol. 1, no. 1 (Feb. 1959)-</subfield></datafield><datafield ind1=" " ind2="0" tag="651"><subfield code="a">Pen&#771;asco (N.M.)</subfield><subfield code="v">Newspapers.</subfield></datafield><datafield ind1=" " ind2="0" tag="651"><subfield code="a">Taos County (N.M.)</subfield><subfield code="v">Newspapers.</subfield></datafield><datafield ind1=" " ind2="7" tag="655"><subfield code="a">Newspapers.</subfield><subfield code="2">fast</subfield><subfield code="0">(OCoLC)fst01423814</subfield></datafield><datafield ind1=" " ind2="7" tag="651"><subfield code="a">New Mexico</subfield><subfield code="z">Pen&#771;asco.</subfield><subfield code="2">fast</subfield><subfield code="0">(OCoLC)fst01234764</subfield></datafield><datafield ind1=" " ind2="7" tag="651"><subfield code="a">New Mexico</subfield><subfield code="z">Taos County.</subfield><subfield code="2">fast</subfield><subfield code="0">(OCoLC)fst01221052</subfield></datafield><datafield ind1="2" ind2=" " tag="710"><subfield code="a">Sahd's General Store (Firm)</subfield></datafield><datafield ind1=" " ind2=" " tag="752"><subfield code="a">United States</subfield><subfield code="b">New Mexico</subfield><subfield code="c">Taos</subfield><subfield code="d">Pen&#771;asco.</subfield></datafield></record>